<?xml version="1.0" encoding="UTF-8"?><record xmlns="http://www.loc.gov/MARC21/slim" xmlns:cinclude="http://apache.org/cocoon/include/1.0" xmlns:zs="http://www.loc.gov/zing/srw/">
  <leader>00916cz  a2200205n  4500</leader>
  <controlfield tag="001">n  97036733 </controlfield>
  <controlfield tag="003">DLC</controlfield>
  <controlfield tag="005">20030627052343.0</controlfield>
  <controlfield tag="008">970408n| acannaabn          |a ana      </controlfield>
  <datafield tag="010" ind1=" " ind2=" ">
    <subfield code="a">n  97036733 </subfield>
    <subfield code="z">sh 87007388 </subfield>
  </datafield>
  <datafield tag="035" ind1=" " ind2=" ">
    <subfield code="a">(OCoLC)oca04313699</subfield>
  </datafield>
  <datafield tag="040" ind1=" " ind2=" ">
    <subfield code="a">DLC</subfield>
    <subfield code="b">eng</subfield>
    <subfield code="c">DLC</subfield>
    <subfield code="d">DLC</subfield>
    <subfield code="d">WaU</subfield>
  </datafield>
  <datafield tag="043" ind1=" " ind2=" ">
    <subfield code="a">n-us-dc</subfield>
  </datafield>
  <datafield tag="151" ind1=" " ind2=" ">
    <subfield code="a">Southwest Urban Renewal Area (Washington, D.C.)</subfield>
  </datafield>
  <datafield tag="451" ind1=" " ind2=" ">
    <subfield code="a">Southwest Redevelopment Area (Washington, D.C.)</subfield>
  </datafield>
  <datafield tag="410" ind1="1" ind2=" ">
    <subfield code="a">Washington (D.C.).</subfield>
    <subfield code="b">Southwest Urban Renewal Area</subfield>
  </datafield>
  <datafield tag="667" ind1=" " ind2=" ">
    <subfield code="a">SUBJECT USAGE: This heading is not valid for use as a geographic subdivision.</subfield>
  </datafield>
  <datafield tag="670" ind1=" " ind2=" ">
    <subfield code="a">Work cat.: Washington Post Co. Progress or decay? ... 1952</subfield>
    <subfield code="b">(Southwest D.C. redevelopment)</subfield>
  </datafield>
  <datafield tag="670" ind1=" " ind2=" ">
    <subfield code="a">Phone call to D.C. Redevelopment Land Agency, 9/25/87</subfield>
    <subfield code="b">(officially called Southwest Urban Renewal Area, also called Southwest Redevelopment Area)</subfield>
  </datafield>
  <datafield tag="675" ind1=" " ind2=" ">
    <subfield code="a">BGN, 8/3/87;</subfield>
    <subfield code="a">Lippincott;</subfield>
    <subfield code="a">Web. geog.;</subfield>
    <subfield code="a">Rand McNally</subfield>
  </datafield>
</record>